@inproceedings{novack2018silicon,
  title={A Silicon Photonic Transceiver and Hybrid Tunable Laser for 64 Gbaud Coherent Communication},
  author={Novack, Ari and Streshinsky, Matthew and Huynh, Tam and Galfsky, Tal and Guan, Hang and Liu, Yang and Ma, Yangjin and Shi, Ruizhi and Horth, Alexandre and Chen, Yaojia and others},
  booktitle={Optical Fiber Communication Conference},
  pages={Th4D--4},
  year={2018},
  organization={Optical Society of America}
}

@article{vujicic2017software,
  title={Software-defined silicon-photonics-based metro node for spatial and wavelength superchannel switching},
  author={Vujicic, Vidak and Anthur, Aravind P and Gazman, Alexander and Browning, Colm and Pascual, M Deseada Gutierrez and Zhu, Ziyi and Bergman, Keren and Barry, Liam P},
  journal={IEEE/OSA Journal of Optical Communications and Networking},
  volume={9},
  number={5},
  pages={342--350},
  year={2017},
  publisher={IEEE}
}

@inproceedings{aoki2017low,
  title={Low crosstalk simultaneous 16-channel$\times$ 25 Gb/s operation of high density silicon photonics optical transceiver},
  author={Aoki, Tsuyoshi and Sekiguchi, S and Simoyama, T and Tanaka, S and Nishizawa, M and Hatori, N and Sobu, Y and Sugama, A and Akiyama, T and Hayakawa, A and others},
  booktitle={Optical Communication (ECOC), 2017 European Conference on},
  pages={1--3},
  year={2017},
  organization={IEEE}
}

@inproceedings{bahadori2016energy,
  title={Energy-bandwidth design exploration of silicon photonic interconnects in 65nm CMOS},
  author={Bahadori, Meisam and Polster, Robert and Rumley, S{\'e}bastien and Thonnart, Yvain and Gonzalez-Jimenez, Jos{\'e}-Luis and Bergman, Keren},
  booktitle={IEEE Optical Interconnects Conference (OI), 2016},
  pages={2--3},
  year={2016},
  organization={IEEE}
}

@inproceedings{bahadori2017energy,
  title={Energy-performance optimized design of silicon photonic interconnection networks for high-performance computing},
  author={Bahadori, Meisam and Rumley, S{\'e}bastien and Polster, Robert and Gazman, Alexander and Traverso, Matt and Webster, Mark and Patel, Kaushik and Bergman, Keren},
  booktitle={Proceedings of the Conference on Design, Automation \& Test in Europe},
  pages={326--331},
  year={2017},
  organization={European Design and Automation Association}
}

@article{bogaerts2012silicon,
  title={Silicon microring resonators},
  author={Bogaerts, Wim and De Heyn, Peter and Van Vaerenbergh, Thomas and De Vos, Katrien and Kumar Selvaraja, Shankar and Claes, Tom and Dumon, Pieter and Bienstman, Peter and Van Thourhout, Dries and Baets, Roel},
  journal={Laser \& Photonics Reviews},
  volume={6},
  number={1},
  pages={47--73},
  year={2012},
  publisher={Wiley Online Library}
}

@article{li2013any,
  title={Any bias point control technique for Mach--Zehnder modulator},
  author={Li, Yupeng and Zhang, Yangan and Huang, Yongqing},
  journal={IEEE Photonics Technology Letters},
  volume={25},
  number={24},
  pages={2412--2415},
  year={2013},
  publisher={IEEE}
}

@inproceedings{guan2015polarization,
  title={Polarization-insensitive 40Gb/s 4-WDM channels receiver on SOI platform},
  author={Guan, Hang and Gazman, Alexander and Ma, Yangjin and Liu, Yang and Li, Qi and Ding, Ran and Li, Yunchu and Zhu, Xiaoliang and Baehr-Jones, Tom and Hochberg, Michael and others},
  booktitle={Optical Interconnects Conference (OI), 2015 IEEE},
  pages={54--55},
  year={2015},
  organization={IEEE}
}

@article{horst2013cascaded,
  title={Cascaded Mach-Zehnder wavelength filters in silicon photonics for low loss and flat pass-band WDM (de-) multiplexing},
  author={Horst, Folkert and Green, William MJ and Assefa, Solomon and Shank, Steven M and Vlasov, Yurii A and Offrein, Bert Jan},
  journal={Optics express},
  volume={21},
  number={10},
  pages={11652--11658},
  year={2013},
  publisher={Optical Society of America}
}

@article{chen2016low,
  title={Low-loss and broadband 2$\times$ 2 silicon thermo-optic Mach--Zehnder switch with bent directional couplers},
  author={Chen, Sitao and Shi, Yaocheng and He, Sailing and Dai, Daoxin},
  journal={Optics letters},
  volume={41},
  number={4},
  pages={836--839},
  year={2016},
  publisher={Optical Society of America}
}


@inproceedings{chrostowski2014impact,
  title={Impact of fabrication non-uniformity on chip-scale silicon photonic integrated circuits},
  author={Chrostowski, Lukas and Wang, Xu and Flueckiger, Jonas and Wu, Yichen and Wang, Yun and Fard, Sahba Talebi},
  booktitle={Optical Fiber Communication Conference},
  pages={Th2A--37},
  year={2014},
  organization={Optical Society of America}
}

@article{padmaraju2014resolving,
  title={Resolving the thermal challenges for silicon microring resonator devices},
  author={Padmaraju, Kishore and Bergman, Keren},
  journal={Nanophotonics},
  volume={3},
  number={4-5},
  pages={269--281},
  year={2014},
  publisher={De Gruyter}
}

@article{atabaki2010optimization,
  title={Optimization of metallic microheaters for high-speed reconfigurable silicon photonics},
  author={Atabaki, AH and Hosseini, E Shah and Eftekhar, AA and Yegnanarayanan, S and Adibi, A},
  journal={Optics express},
  volume={18},
  number={17},
  pages={18312--18323},
  year={2010},
  publisher={Optical Society of America}
}

@article{harris2014efficient,
  title={Efficient, compact and low loss thermo-optic phase shifter in silicon},
  author={Harris, Nicholas C and Ma, Yangjin and Mower, Jacob and Baehr-Jones, Tom and Englund, Dirk and Hochberg, Michael and Galland, Christophe},
  journal={Optics express},
  volume={22},
  number={9},
  pages={10487--10493},
  year={2014},
  publisher={Optical Society of America}
}

@article{komma2012thermo,
  title={Thermo-optic coefficient of silicon at 1550 nm and cryogenic temperatures},
  author={Komma, J and Schwarz, C and Hofmann, G and Heinert, D and Nawrodt, R},
  journal={Applied Physics Letters},
  volume={101},
  number={4},
  pages={041905},
  year={2012},
  publisher={AIP}
}


@article{hodaei2013easy,
  title={Easy-to-design nano-coupler between metal--insulator--metal plasmonic and dielectric slab waveguides},
  author={Hodaei, Hossein and Rezaei, Mohsen and Miri, Mehdi and Bahadori, Meisam and Eshaghian, Ali and Mehrany, Khashayar},
  journal={Plasmonics},
  volume={8},
  number={2},
  pages={1123--1128},
  year={2013},
  publisher={Springer}
}

@article{zecevic2015integrated,
  title={Integrated pulsewidth modulation control for a scalable optical switch matrix},
  author={Zecevic, Nikola and Hofbauer, Michael and Zimmermann, Horst},
  journal={IEEE Photonics Journal},
  volume={7},
  number={6},
  pages={1--7},
  year={2015},
  publisher={IEEE}
}


@article{jayatilleka2019photoconductive,
  title={Photoconductive heaters enable control of large-scale silicon photonic ring resonator circuits},
  author={Jayatilleka, Hasitha and Shoman, Hossam and Chrostowski, Lukas and Shekhar, Sudip},
  journal={Optica},
  volume={6},
  number={1},
  pages={84--91},
  year={2019},
  publisher={Optical Society of America}
}