%%%%%%%%%%%%%%%%%%%
%%%% Chapter 3 %%%%
%%%%%%%%%%%%%%%%%%%

%% This BibTeX bibliography file was created using BibDesk.
%% http://bibdesk.sourceforge.net/

%% Created for Sasha Gazman at 2016-12-16 13:47:39 -0500 


%% Saved with string encoding Unicode (UTF-8) 

@inproceedings{gazman2017programmable,
  title={Programmable optical power distribution in silicon photonic platform},
  author={Gazman, Alexander and Bahadori, Meisam and Zhu, Ziyi and Bergman, Keren},
  booktitle={IEEE Optical Interconnects Conference (OI), 2017},
  pages={21--22},
  year={2017},
  organization={IEEE}
}


@article{heck2014energy,
  title={Energy efficient and energy proportional optical interconnects for multi-core processors: Driving the need for on-chip sources},
  author={Heck, Martijn JR and Bowers, John E},
  journal={IEEE Journal of Selected Topics in Quantum Electronics},
  volume={20},
  number={4},
  pages={332--343},
  year={2014},
  publisher={IEEE}
}

@inproceedings{posca2018powering,
  title={Powering future network architectures},
  author={Posca, Emilio and Pellegrino, Paolo and Bianco, Claudio and Marone, Giuseppe and Infantino, Marco},
  booktitle={2018 IEEE International Telecommunications Energy Conference (INTELEC)},
  pages={1--7},
  year={2018},
  organization={IEEE}
}


@book{ramaswami2009optical,
  title={Optical networks: a practical perspective},
  author={Ramaswami, Rajiv and Sivarajan, Kumar and Sasaki, Galen},
  year={2009},
  publisher={Morgan Kaufmann}
}

@inproceedings{bahadori2015nonlinear,
  title={Nonlinear temperature-dependent transfer characteristics of silicon photonic microring resonators},
  author={Bahadori, Meisam and Gazman, Alexander and Rumley, S{\'e}bastien and Li, Qi and Bergman, Keren},
  booktitle={Photonic Networks and Devices},
  pages={JM3A--28},
  year={2015},
  organization={Optical Society of America}
}

@article{brunina2011building,
  title={Building data centers with optically connected memory},
  author={Brunina, Daniel and Lai, Caroline P and Garg, Ajay S and Bergman, Keren},
  journal={Journal of Optical Communications and Networking},
  volume={3},
  number={8},
  pages={A40--A48},
  year={2011},
  publisher={Optical Society of America}
}

@inproceedings{wen2016flexfly,
  title={Flexfly: Enabling a reconfigurable dragonfly through silicon photonics},
  author={Wen, Ke and Samadi, Payman and Rumley, S{\'e}bastien and Chen, Christine P and Shen, Yiwen and Bahadori, Meisam and Bergman, Keren and Wilke, Jeremiah},
  booktitle={High Performance Computing, Networking, Storage and Analysis, SC16: International Conference for},
  pages={166--177},
  year={2016},
  organization={IEEE}
}


@article{yan_FPGA_DC,
  title={All-optical programmable disaggregated data centre network realized by FPGA-based switch and interface card},
  author={Yan, Yan and Saridis, George M and Shu, Yi and Rofoee, Bijan Rahimzadeh and Yan, Shuangyi and Arslan, Murat and Bradley, Thomas and Wheeler, Natalie V and Wong, Nicholas Heng-Loong and Poletti, Francesco and others},
  journal={Journal of Lightwave Technology},
  volume={34},
  number={8},
  pages={1925--1932},
  year={2016},
  publisher={IEEE}
}


@article{bahadori2016crosstalk,
	Author = {Bahadori, Meisam and Rumley, S{\'e}bastien and Jayatilleka, Hasitha and Murray, Kyle and Jaeger, Nicolas AF and Chrostowski, Lukas and Shekhar, Sudip and Bergman, Keren},
	Date-Added = {2016-12-16 17:00:50 +0000},
	Date-Modified = {2016-12-16 17:00:50 +0000},
	Journal = {Journal of Lightwave Technology},
	Number = {17},
	Pages = {4043--4052},
	Publisher = {IEEE},
	Title = {Crosstalk Penalty in Microring-Based Silicon Photonic Interconnect Systems},
	Volume = {34},
	Year = {2016}}

@article{samadi2015optical,
	Author = {Samadi, Payman and Gupta, Varun and Xu, Junjie and Wang, Howard and Zussman, Gil and Bergman, Keren},
	Date-Added = {2016-12-16 16:48:08 +0000},
	Date-Modified = {2016-12-16 16:48:08 +0000},
	Journal = {Optics express},
	Number = {17},
	Pages = {22162--22180},
	Publisher = {Optical Society of America},
	Title = {Optical multicast system for data center networks},
	Volume = {23},
	Year = {2015}}

@article{padmaraju2013integrated,
	Author = {Padmaraju, Kishore and Logan, Dylan F and Zhu, Xiaoliang and Ackert, Jason J and Knights, Andrew P and Bergman, Keren},
	Date-Added = {2016-10-17 18:04:31 +0000},
	Date-Modified = {2016-10-17 18:04:31 +0000},
	Journal = {Optics express},
	Number = {12},
	Pages = {14342--14350},
	Publisher = {Optical Society of America},
	Title = {Integrated thermal stabilization of a microring modulator},
	Volume = {21},
	Year = {2013}}

@article{ophir2013silicon,
	Author = {Ophir, Noam and Mineo, Christopher and Mountain, David and Bergman, Keren},
	Date-Added = {2016-10-17 18:04:05 +0000},
	Date-Modified = {2016-10-17 18:04:05 +0000},
	Journal = {IEEE Micro},
	Number = {1},
	Pages = {54--67},
	Publisher = {IEEE},
	Title = {Silicon photonic microring links for high-bandwidth-density, low-power chip I/O},
	Volume = {33},
	Year = {2013}}

@article{yan2013multicasting,
	Author = {Yan, Yan and Yue, Yang and Huang, Hao and Ren, Yongxiong and Ahmed, Nisar and Tur, Moshe and Dolinar, Samuel and Willner, Alan},
	Date-Added = {2016-10-17 14:38:49 +0000},
	Date-Modified = {2016-10-17 14:38:49 +0000},
	Journal = {Optics letters},
	Number = {19},
	Pages = {3930--3933},
	Publisher = {Optical Society of America},
	Title = {Multicasting in a spatial division multiplexing system based on optical orbital angular momentum},
	Volume = {38},
	Year = {2013}}

@article{biberman2010wavelength,
	Author = {Biberman, Aleksandr and Lee, Benjamin G and Turner-Foster, Amy C and Foster, Mark A and Lipson, Michal and Gaeta, Alexander L and Bergman, Keren},
	Date-Added = {2016-10-17 14:37:47 +0000},
	Date-Modified = {2016-10-17 14:37:47 +0000},
	Journal = {Optics express},
	Number = {17},
	Pages = {18047--18055},
	Publisher = {Optical Society of America},
	Title = {Wavelength multicasting in silicon photonic nanowires},
	Volume = {18},
	Year = {2010}}

@article{wu2015compact,
	Author = {Wu, Rui and Chen, Chin-Hui and Fedeli, Jean-Marc and Fournier, Maryse and Cheng, Kwang-Ting and Beausoleil, Raymond G},
	Date-Added = {2016-10-17 14:35:06 +0000},
	Date-Modified = {2016-10-17 14:35:06 +0000},
	Journal = {Optics express},
	Number = {12},
	Pages = {15545--15554},
	Publisher = {Optical Society of America},
	Title = {Compact models for carrier-injection silicon microring modulators},
	Volume = {23},
	Year = {2015}}

@inproceedings{calhoun2014dynamic,
	Author = {Calhoun, David and Wen, Ke and Zhu, Xiaoliang and Rumley, S{\'e}bastien and Luo, L and Liu, Y and Ding, R and Baehr-Jones, T and Hochberg, M and Lipson, M and Bergman, Keren},
	Booktitle = {Proc. IEEE High Perform. Extreme Comput. Conf},
	Date-Added = {2016-10-17 14:33:50 +0000},
	Date-Modified = {2016-12-16 18:47:36 +0000},
	Organization = {Citeseer},
	Title = {Dynamic reconfiguration of silicon photonic circuit switched interconnection networks},
	Year = {2014}}

@inproceedings{singla2010proteus,
	Author = {Singla, Ankit and Singh, Atul and Ramachandran, Kishore and Xu, Lei and Zhang, Yueping},
	Booktitle = {Proceedings of the 9th ACM SIGCOMM Workshop on Hot Topics in Networks},
	Date-Added = {2016-10-17 14:20:42 +0000},
	Date-Modified = {2016-10-17 14:20:42 +0000},
	Organization = {ACM},
	Pages = {8},
	Title = {Proteus: a topology malleable data center network},
	Year = {2010}}

@article{hamza2016free,
	Author = {Hamza, Abdelbaset S and Deogun, Jitender S and Alexander, Dennis R},
	Date-Added = {2016-10-17 14:18:43 +0000},
	Date-Modified = {2016-10-17 14:18:43 +0000},
	Journal = {Journal of Optical Communications and Networking},
	Number = {1},
	Pages = {1--10},
	Publisher = {Optical Society of America},
	Title = {Free Space Optical Multicast Crossbar},
	Volume = {8},
	Year = {2016}}

@article{robertson2014demonstration,
	Author = {Robertson, Brian and Yang, Haining and Redmond, Maura M and Collings, Neil and Moore, John R and Liu, Jinsong and Jeziorska-Chapman, Anna M and Pivnenko, Mike and Lee, Sharon and Wonfor, Adrian and White, Ian H. and Crossland, William A. and Chu, D. P.},
	Date-Added = {2016-10-17 14:17:22 +0000},
	Date-Modified = {2016-12-16 18:35:42 +0000},
	Journal = {Journal of Lightwave Technology},
	Number = {3},
	Pages = {402--410},
	Publisher = {IEEE},
	Title = {Demonstration of multi-casting in a 1$\times$ 9 LCOS wavelength selective switch},
	Volume = {32},
	Year = {2014}}

@article{chen2011survey,
	Author = {Chen, Kai and Hu, Chengchen and Zhang, Xin and Zheng, Kai and Chen, Yan and Vasilakos, Athanasios V},
	Date-Added = {2016-10-17 14:16:35 +0000},
	Date-Modified = {2016-10-17 14:16:35 +0000},
	Journal = {IEEE network},
	Number = {4},
	Pages = {6--10},
	Publisher = {IEEE},
	Title = {Survey on routing in data centers: insights and future directions},
	Volume = {25},
	Year = {2011}}

@article{bergmanoptical,
	Author = {Bergman, Keren and Rumley, S{\'e}bastien},
	Date-Added = {2016-10-17 14:06:26 +0000},
	Date-Modified = {2016-10-17 14:14:05 +0000},
	Journal = {Photonics in Switching},
	Month = {July},
	Title = {Optical Switching Performance Metrics for Scalable Data Centers [invited]},
	Year = {2016}}

@inproceedings{wang2010impact,
	Author = {Wang, Guohui and Ng, TS Eugene},
	Booktitle = {INFOCOM, 2010 Proceedings IEEE},
	Date-Added = {2016-10-17 14:02:16 +0000},
	Date-Modified = {2016-10-17 14:02:16 +0000},
	Organization = {IEEE},
	Pages = {1--9},
	Title = {The impact of virtualization on network performance of amazon ec2 data center},
	Year = {2010}}

@article{hashem2015rise,
	Author = {Hashem, Ibrahim Abaker Targio and Yaqoob, Ibrar and Anuar, Nor Badrul and Mokhtar, Salimah and Gani, Abdullah and Khan, Samee Ullah},
	Date-Added = {2016-10-17 14:01:37 +0000},
	Date-Modified = {2016-10-17 14:01:37 +0000},
	Journal = {Information Systems},
	Pages = {98--115},
	Publisher = {Elsevier},
	Title = {The rise of ``big data'' on cloud computing: Review and open research issues},
	Volume = {47},
	Year = {2015}}

@article{bahadori2016comprehensive,
	Author = {Bahadori, Meisam and Rumley, Sebastien and Nikolova, Dessislava and Bergman, Keren},
	Date-Added = {2016-08-27 18:10:01 +0000},
	Date-Modified = {2016-10-17 14:41:31 +0000},
	Journal = {IEEE Journal of lightwave Technology},
	Month = {June},
	Number = {12},
	Pages = {2975--2987},
	Publisher = {IEEE},
	Title = {Comprehensive design space exploration of silicon photonic interconnects},
	Volume = {34},
	Year = {2016}}

@article{lam2001demonstration,
	Author = {Lam, Cedric F and Boroditsky, Misha and Feuer, Mark D and Frigo, Nicholas J and Desai, Bhavesh and Kang, Jin},
	Date-Added = {2016-08-27 18:09:14 +0000},
	Date-Modified = {2016-08-27 18:09:14 +0000},
	Journal = {IEEE Photonics Technology Letters},
	Number = {11},
	Pages = {1236--1238},
	Publisher = {IEEE},
	Title = {Demonstration of programmable optical multicasting in a regional/metro area network},
	Volume = {13},
	Year = {2001}}

@article{komma2012thermo,
	Author = {Komma, J and Schwarz, C and Hofmann, G and Heinert, D and Nawrodt, R},
	Date-Added = {2016-08-25 15:15:35 +0000},
	Date-Modified = {2016-08-25 15:15:35 +0000},
	Journal = {Applied Physics Letters},
	Number = {4},
	Pages = {1905},
	Title = {Thermo-optic coefficient of silicon at 1550 nm and cryogenic temperatures},
	Volume = {101},
	Year = {2012}}

@article{biberman2011broadband,
	Author = {Biberman, Aleksandr and Lira, Hugo LR and Padmaraju, Kishore and Ophir, Noam and Chan, Johnnie and Lipson, Michal and Bergman, Keren},
	Date-Added = {2016-08-24 22:44:02 +0000},
	Date-Modified = {2016-08-24 22:44:02 +0000},
	Journal = {IEEE Photonics Technology Letters},
	Number = {8},
	Pages = {504--506},
	Publisher = {IEEE},
	Title = {Broadband silicon photonic electrooptic switch for photonic interconnection networks},
	Volume = {23},
	Year = {2011}}

@article{biberman2007silicon,
	Author = {Biberman, Aleksandr and Dong, Po and Lee, Benjamin G and Foster, Justin D and Lipson, Michal and Bergman, Keren},
	Date-Added = {2016-08-24 22:33:51 +0000},
	Date-Modified = {2016-08-24 22:33:51 +0000},
	Journal = {LEOS 2007},
	Title = {Silicon microring resonator-based broadband comb switch for wavelength-parallel message routing},
	Year = {2007}}

@article{browning2013optical,
	Author = {Browning, Colm and Shi, Kai and Ellis, Andrew D and Barry, Liam P},
	Date-Added = {2016-08-24 22:29:59 +0000},
	Date-Modified = {2016-10-17 14:32:32 +0000},
	Journal = {Journal of Optical Communications and Networking},
	Number = {9},
	Pages = {994--1000},
	Publisher = {Optical Society of America},
	Title = {Optical burst-switched {SSB}-{OFDM} using a fast switching {SG}-{DBR} laser},
	Volume = {5},
	Year = {2013}}

@book{porter2013integrating,
	Author = {Porter, George and Strong, Richard and Farrington, Nathan and Forencich, Alex and Chen-Sun, Pang and Rosing, Tajana and Fainman, Yeshaiahu and Papen, George and Vahdat, Amin},
	Date-Added = {2016-08-24 22:29:07 +0000},
	Date-Modified = {2016-08-24 22:29:07 +0000},
	Number = {4},
	Publisher = {ACM},
	Title = {Integrating microsecond circuit switching into the data center},
	Volume = {43},
	Year = {2013}}

@inproceedings{biberman2008thermally,
	Author = {Biberman, Aleksandr and Sherwood-Droz, Nicol{\'a}s and Lee, Benjamin G and Lipson, Michal and Bergman, Keren},
	Booktitle = {IEEE 21st Annual Meeting of Lasers and Electro-Optics Society (LEOS)},
	Date-Added = {2016-08-24 22:23:17 +0000},
	Date-Modified = {2016-08-24 22:23:49 +0000},
	Pages = {370--371},
	Title = {Thermally active 4$\times$4 non-blocking switch for networks-on-chip},
	Year = {2008}}

@article{chen2015programmable,
	Author = {Chen, Christine and Zhu, Xiaoliang and Liu, Yang and Wen, Ke and Chik, Mun Shin and Baehr-Jones, Tom and Hochberg, Michael and Bergman, Keren},
	Date-Added = {2016-08-24 22:17:40 +0000},
	Date-Modified = {2016-08-24 22:17:40 +0000},
	Publisher = {IEEE},
	Title = {Programmable Dynamically-Controlled Silicon Photonic Switch Fabric}}

@article{atabaki2010optimization,
	Author = {Atabaki, AH and Hosseini, E Shah and Eftekhar, AA and Yegnanarayanan, S and Adibi, A},
	Date-Added = {2016-08-24 22:13:36 +0000},
	Date-Modified = {2016-08-24 22:13:36 +0000},
	Journal = {Optics express},
	Number = {17},
	Pages = {18312--18323},
	Publisher = {Optical Society of America},
	Title = {Optimization of metallic microheaters for high-speed reconfigurable silicon photonics},
	Volume = {18},
	Year = {2010}}

@article{lira2009broadband,
	Author = {Lira, Hugo LR and Manipatruni, Sasikanth and Lipson, Michal},
	Date-Added = {2016-08-24 22:12:42 +0000},
	Date-Modified = {2016-08-24 22:12:42 +0000},
	Journal = {Optics Express},
	Number = {25},
	Pages = {22271--22280},
	Publisher = {Optical Society of America},
	Title = {Broadband hitless silicon electro-optic switch for on-chip optical networks},
	Volume = {17},
	Year = {2009}}

@article{aguinaldo2014wideband,
	Author = {Aguinaldo, Ryan and Forencich, Alex and DeRose, Christopher and Lentine, Anthony and Trotter, Douglas C and Fainman, Yeshaiahu and Porter, George and Papen, George and Mookherjea, Shayan},
	Date-Added = {2016-08-24 22:10:41 +0000},
	Date-Modified = {2016-08-24 22:10:41 +0000},
	Journal = {Optics express},
	Number = {7},
	Pages = {8205--8218},
	Publisher = {Optical Society of America},
	Title = {Wideband silicon-photonic thermo-optic switch in a wavelength-division multiplexed ring network},
	Volume = {22},
	Year = {2014}}

@article{xu2011hybrid,
	Author = {Xu, Lin and Zhang, Wenjia and Lira, Hugo LR and Lipson, Michal and Bergman, Keren},
	Date-Added = {2016-08-24 22:09:37 +0000},
	Date-Modified = {2016-08-24 22:09:37 +0000},
	Journal = {Optics express},
	Number = {24},
	Pages = {24258--24267},
	Publisher = {Optical Society of America},
	Title = {A hybrid optical packet and wavelength selective switching platform for high-performance data center networks},
	Volume = {19},
	Year = {2011}}

@incollection{calhoun2016hardware,
	Author = {Calhoun, David M and Li, Qi and Nikolova, Dessislava and Chen, Christine P and Wen, Ke and Rumley, S{\'e}bastien and Bergman, Keren},
	Booktitle = {Silicon Photonics III},
	Date-Added = {2016-08-24 22:06:57 +0000},
	Date-Modified = {2016-08-24 22:06:57 +0000},
	Pages = {157--189},
	Publisher = {Springer},
	Title = {Hardware--Software Integrated Silicon Photonics for Computing Systems},
	Year = {2016}}

@article{lu201616,
	Author = {Lu, Liangjun and Zhao, Shuoyi and Zhou, Linjie and Li, Dong and Li, Zuxiang and Wang, Minjuan and Li, Xinwan and Chen, Jianping},
	Date-Added = {2016-08-24 22:05:48 +0000},
	Date-Modified = {2016-08-24 22:05:48 +0000},
	Journal = {Optics express},
	Number = {9},
	Pages = {9295--9307},
	Publisher = {Optical Society of America},
	Title = {16$\times$ 16 non-blocking silicon optical switch based on electro-optic Mach-Zehnder interferometers},
	Volume = {24},
	Year = {2016}}

@article{leemeeting,
	Author = {Lee, Jun and Carroll, Lee and Scarcella, Carmelo and Pavarelli, Nicola and Menezo, Sylvie and Bernabe, Stephane and Temporiti, Enrico and O'Brian, Peter},
	Date-Added = {2016-08-24 22:02:24 +0000},
	Date-Modified = {2016-12-16 18:45:00 +0000},
	Journal = {IEEE Selected Topics in Quantum Electronics},
	Number = {6},
	Pages = {8200209},
	Publisher = {IEEE},
	Title = {Meeting the Electrical, Optical, and Thermal Design Challenges of Photonic-Packaging},
	Volume = {22},
	Year = {2016}}

@article{subbaraman2015recent,
	Author = {Subbaraman, Harish and Xu, Xiaochuan and Hosseini, Amir and Zhang, Xingyu and Zhang, Yang and Kwong, David and Chen, Ray T},
	Date-Added = {2016-08-24 22:00:27 +0000},
	Date-Modified = {2016-08-24 22:00:27 +0000},
	Journal = {Optics express},
	Number = {3},
	Pages = {2487--2511},
	Publisher = {Optical Society of America},
	Title = {Recent advances in silicon-based passive and active optical interconnects},
	Volume = {23},
	Year = {2015}}

@inproceedings{novack201330,
	Author = {Novack, Ari and Liu, Yang and Ding, Ran and Gould, Michael and Baehr-Jones, Tom and Li, Qi and Yang, Yisu and Ma, Yangjin and Zhang, Yi and Padmaraju, Kishore and Bergman, Keren and Lim, Andy Eu-Jin and Lo, Guo-Qiang and Hochberg, Michael},
	Booktitle = {SPIE Optics+ Optoelectronics},
	Date-Added = {2016-08-24 21:58:11 +0000},
	Date-Modified = {2016-12-16 18:43:16 +0000},
	Organization = {International Society for Optics and Photonics},
	Pages = {878107--878107},
	Title = {A 30 GHz silicon photonic platform},
	Year = {2013}}

@article{alloatti2015photonics,
	Author = {Alloatti, Luca and Wade, Mark and Stojanovic, Vladimir and Popovic, Milos and Ram, Rajeev Jagga},
	Date-Added = {2016-08-24 21:56:30 +0000},
	Date-Modified = {2016-08-24 21:56:30 +0000},
	Journal = {IET Optoelectronics},
	Number = {4},
	Pages = {163--167},
	Publisher = {IET},
	Title = {Photonics design tool for advanced CMOS nodes},
	Volume = {9},
	Year = {2015}}

@article{bogaerts2005nanophotonic,
	Author = {Bogaerts, Wim and Baets, Roel and Dumon, Pieter and Wiaux, Vincent and Beckx, Stephan and Taillaert, Dirk and Luyssaert, Bert and Van Campenhout, Joris and Bienstman, Peter and Van Thourhout, Dries},
	Date-Added = {2016-08-24 21:55:12 +0000},
	Date-Modified = {2016-08-24 21:55:12 +0000},
	Journal = {Journal of Lightwave Technology},
	Number = {1},
	Pages = {401--412},
	Publisher = {IEEE},
	Title = {Nanophotonic waveguides in silicon-on-insulator fabricated with CMOS technology},
	Volume = {23},
	Year = {2005}}

@article{komljenovic2016heterogeneous,
	Author = {Komljenovic, Tin and Davenport, Michael and Hulme, Jared and Liu, Alan Y and Santis, Christos T and Spott, Alexander and Srinivasan, Sudharsanan and Stanton, Eric J and Zhang, Chong and Bowers, John E},
	Date-Added = {2016-08-24 21:53:46 +0000},
	Date-Modified = {2016-08-24 21:53:46 +0000},
	Journal = {Journal of Lightwave Technology},
	Number = {1},
	Pages = {20--35},
	Publisher = {IEEE},
	Title = {Heterogeneous silicon photonic integrated circuits},
	Volume = {34},
	Year = {2016}}

@book{verissimo2012distributed,
	Author = {Verissimo, Paulo and Rodrigues, Luis},
	Date-Added = {2016-08-24 21:47:28 +0000},
	Date-Modified = {2016-08-24 21:47:28 +0000},
	Publisher = {Springer Science \& Business Media},
	Title = {Distributed systems for system architects},
	Volume = {1},
	Year = {2012}}

@article{zhang2012experimental,
	Author = {Zhang, Wenjia and Liu, Dawei and Wang, Howard and Bergman, Keren},
	Date-Added = {2016-08-24 21:44:05 +0000},
	Date-Modified = {2016-08-24 21:44:05 +0000},
	Journal = {Proc. 1st IEEE Opt. Int. Con.(OI)},
	Title = {Experimental demonstration of wavelength-reconfigurable optical packet-and circuit-switched platform for data center networks},
	Year = {2012}}

@article{farrington2012demonstration,
	Author = {Farrington, Nathan and Porter, George and Sun, Pang-Chen and Forencich, Alex and Ford, Joseph and Fainman, Yeshaiahu and Papen, George and Vahdat, Amin},
	Date-Added = {2016-08-24 21:39:49 +0000},
	Date-Modified = {2016-08-24 21:39:49 +0000},
	Journal = {ACM SIGCOMM Computer Communication Review},
	Number = {4},
	Pages = {95--96},
	Publisher = {ACM},
	Title = {A demonstration of ultra-low-latency data center optical circuit switching},
	Volume = {42},
	Year = {2012}}

@inproceedings{aguinaldo2014energy,
	Author = {Aguinaldo, Ryan and Forencich, Alex and DeRose, Christopher and Lentine, Anthony L and Trotter, Douglas C and Starbuck, Andrew and Fainman, Yeshaiahu and Porter, George and Papen, George and Mookherjea, Shayan},
	Booktitle = {CLEO: Science and Innovations},
	Date-Added = {2016-08-24 21:36:32 +0000},
	Date-Modified = {2016-08-24 21:36:32 +0000},
	Organization = {Optical Society of America},
	Pages = {STu1J--2},
	Title = {Energy-efficient, digitally-driven ``fat pipe'' silicon photonic circuit switch in the UCSD MORDIA data-center network},
	Year = {2014}}

@inproceedings{farrington201310,
	Author = {Farrington, Nathan and Forencich, Alex and Sun, Pang-Chen and Fainman, Shaya and Ford, Joe and Vahdat, Amin and Porter, George and Papen, George C},
	Booktitle = {Optical Fiber Communication Conference},
	Date-Added = {2016-08-24 21:34:16 +0000},
	Date-Modified = {2016-08-24 21:34:16 +0000},
	Organization = {Optical Society of America},
	Pages = {OW3H--3},
	Title = {A 10 us hybrid optical-circuit/electrical-packet network for datacenters},
	Year = {2013}}

@inproceedings{wavelength2016,
	Author = {Chen, Haoshuo and Fontaine, Nicolas K. and Huang, Bin and Xiao, Xian and Ryf, Roland and Neilson, David T.},
	Booktitle = {ECOC},
	Date-Added = {2016-08-24 21:33:06 +0000},
	Date-Modified = {2016-10-17 14:23:22 +0000},
	Title = {Wavelength selective switch for dynamic {VCSEL}-based data centers},
	Year = {2016}}

@article{kachris2012survey,
	Author = {Kachris, Christoforos and Tomkos, Ioannis},
	Date-Added = {2016-08-24 21:31:37 +0000},
	Date-Modified = {2016-08-24 21:31:37 +0000},
	Journal = {IEEE Communications Surveys \& Tutorials},
	Number = {4},
	Pages = {1021--1036},
	Publisher = {IEEE},
	Title = {A survey on optical interconnects for data centers},
	Volume = {14},
	Year = {2012}}

@inproceedings{feng2012bargaining,
	Author = {Feng, Yuan and Li, Baochun and Li, Bo},
	Booktitle = {INFOCOM, 2012 Proceedings IEEE},
	Date-Added = {2016-08-24 21:27:07 +0000},
	Date-Modified = {2016-08-24 21:27:07 +0000},
	Organization = {IEEE},
	Pages = {1134--1142},
	Title = {Bargaining towards maximized resource utilization in video streaming datacenters},
	Year = {2012}}


@article{zhang2010cloud,
	Author = {Zhang, Qi and Cheng, Lu and Boutaba, Raouf},
	Date-Added = {2016-08-24 21:25:59 +0000},
	Date-Modified = {2016-08-24 21:25:59 +0000},
	Journal = {Journal of internet services and applications},
	Number = {1},
	Pages = {7--18},
	Publisher = {Springer},
	Title = {Cloud computing: state-of-the-art and research challenges},
	Volume = {1},
	Year = {2010}}



@inproceedings{buyya2009modeling,
	Author = {Buyya, Rajkumar and Ranjan, Rajiv and Calheiros, Rodrigo N},
	Booktitle = {High Performance Computing \& Simulation, 2009. HPCS'09. International Conference on},
	Date-Added = {2016-08-24 21:26:37 +0000},
	Date-Modified = {2016-08-24 21:26:37 +0000},
	Organization = {IEEE},
	Pages = {1--11},
	Title = {Modeling and simulation of scalable Cloud computing environments and the CloudSim toolkit: Challenges and opportunities},
	Year = {2009}}



